@manual{clausen,
  author          = {Clausen, A. B.},
  title           = {Preambles in \LaTeX},
  year            = {\the\year{}}
}